@book{Wettl04,
  author    = {Ferenc Wettl and Gyula Mayer and Péter Szabó},
  publisher = {Panem Könyvkiadó},
  title     = {\LaTeX~kézikönyv},
  year      = {2004},
}

@article{Candy86,
  author       = {James C. Candy},
  journaltitle = {{IEEE} Trans.\ on Communications},
  month        = {01},
  note         = {\doi{10.1109/TCOM.1986.1096432}},
  number       = {1},
  pages        = {72--76},
  title        = {Decimation for Sigma Delta Modulation},
  volume       = {34},
  year         = {1986},
}

@article{PSC1,
  author       = {M.Autili – P. Inverardi – P.Pelliccione},
  journaltitle = {Springer LNCS},
  journal      = {Springer LNCS},
  month        = {09},
  note         = {\url{https://link.springer.com/article/10.1007%2Fs10515-007-0012-6}},
  number       = {3},
  pages        = {293--340},
  title        = {Graphical scenarios for specifying temporal properties: an automated approach in Automated Software Engineering},
  volume       = {14},
  year         = {2007},
}

@article{TPSC1,
  author       = {Pengcheng Zhang - Hareton Leung},
  journaltitle = {IET Software},
  journal      = {IET Software},
  month        = {08},
  note         = {},
  number       = {4},
  pages        = {222--248},
  title        = {Web services property sequence chart monitor: A tool chain for monitoring BPEL – based web service composition with scenario-based specifications in IET Software},
  volume       = {7},
  year         = {2013},
}

@misc{Xtext,
  author       = {Xtext},
  howpublished = {\url{https://www.eclipse.org/Xtext/}},
  title        = {Xtext},
}

@misc{Xtend,
  author       = {Xtend},
  howpublished = {\url{https://www.eclipse.org/xtend/}},
  title        = {Xtend},
}

@misc{Eclipse,
  author       = {Eclipse Foundation},
  howpublished = {\url{https://www.eclipse.org/}},
  title        = {Eclipse},
}

@misc{EMF,
  author       = {Entity Modeling Framework},
  howpublished = {\url{https://www.eclipse.org/modeling/emf/}},
  title        = {Entity Modeling Framework},
}

@misc{Sirius,
  author       = {Sirius},
  howpublished = {\url{https://www.eclipse.org/sirius/}},
  title        = {Sirius},
}

@misc{NeverClaim,
  author       = {Promela},
  howpublished = {\url{https://spinroot.com/spin/Man/never.html}},
  title        = {Never claim},
}

@misc{Maven,
  author       = {The Apache Software Foundation},
  howpublished = {\url{https://maven.apache.org/}},
  title        = {Maven},
}

@article{MTL1,
  author       = {J. Ouaknine and J. Worrell},
  journaltitle = {Springer-Verlag, FOSSACS},
  journal      = {Springer-Verlag},
  month        = {08},
  note         = {},
  number       = {},
  pages        = {217--230},
  title        = {On Metric Temporal Logic and Faulty Turing Machines},
  volume       = {LNCS 3921},
  year         = {2006},
}

@article{MITL1,
  author       = { R. Alur, T. Feder and T. A. Henzinger},
  journaltitle = {Journal of the ACM},
  journal      = {Journal of the ACM},
  number       = {1},
  pages        = {116--146},
  title        = {The Benefits of Relaxing Punctuality},
  volume       = {43},
  year         = {1996},
}

@manual{MSC1,
  author       = {ITU-T Recommendation Z.},
  organization = {ITU Telecom. Standardisation Sector},
  title        = {Message sequence charts.},
  year         = {1999},
}

@article{RuntimeVerification1,
  author       = {M. Leucker},
  journaltitle = {Springer},
  journal      = {Springer},
  title        = {Teaching Runtime Verificatio},
  year         = {2011},
}

@manual{UML1,
  author       = {Object Management Group (OMG)},
  organization = {Object Management Group (OMG)},
  title        = {UML: superstructure version 2.0},
  year         = {2004},
}

@mastersthesis{Bakai,
  author      = {Bakai István Bálint},
  school      = {Budapesti Műszaki és Gazdaságtudományi Egyetem},
  institution = {Budapest University of Technology and Economics},
  month       = {12},
  title       = {Monitor Komponensek Generálása Kontextusfüggő Viselkedés Ellenőrzésére},
  year        = {2019},
}

@misc{Gamma,
  author       = {Hibatűrő Rendszerek Kutatócsoport, FTSRG},
  howpublished = {\url{https://inf.mit.bme.hu/node/6028}},
  title        = {Gamma Statechart Composition Framework},
}

@inproceedings{Lee87,
  author    = {Wai L. Lee and Charles G. Sodini},
  booktitle = {Proc.\ of the IEEE International Symposium on Circuits and Systems},
  location  = {Philadelphia, PA, USA},
  month     = {05~4--7},
  pages     = {459--462},
  title     = {A Topology for Higher Order Interpolative Coders},
  vol       = {2},
  year      = {1987},
}

@thesis{KissPhD,
  author      = {Peter Kiss},
  institution = {Technical University of Timi\c{s}oara, Romania},
  month       = {04},
  title       = {Adaptive Digital Compensation of Analog Circuit Imperfections for Cascaded Delta-Sigma Analog-to-Digital Converters},
  type        = {phdthesis},
  year        = {2000},
}

@manual{Schreier00,
  author       = {Richard Schreier},
  month        = {01},
  note         = {\url{http://www.mathworks.com/matlabcentral/fileexchange/}},
  organization = {Oregon State University},
  title        = {The Delta-Sigma Toolbox v5.2},
  year         = {2000},
}

@misc{DipPortal,
  author       = {{Budapesti Műszaki és Gazdaságtudományi Egyetem Villamosmérnöki és Informatikai Kar}},
  howpublished = {\url{http://diplomaterv.vik.bme.hu/}},
  title        = {Diplomaterv portál (2011. február 26.)},
}

@incollection{Mkrtychev:1997,
  author    = {Mkrtychev, Alexey},
  booktitle = {Logical Foundations of Computer Science},
  doi       = {10.1007/3-540-63045-7_27},
  editor    = {Adian, Sergei and Nerode, Anil},
  isbn      = {978-3-540-63045-6},
  pages     = {266-275},
  publisher = {Springer Berlin Heidelberg},
  series    = {Lecture Notes in Computer Science},
  title     = {Models for the logic of proofs},
  url       = {http://dx.doi.org/10.1007/3-540-63045-7_27},
  volume    = {1234},
  year      = {1997},
}

@report{Jeney,
  author      = {Jeney, Gábor},
  institution = {Budapesti Műszaki és Gazdaságtudományi Egyetem, Híradástechnikai Tanszék},
  location    = {Budapest},
  note        = {\url{http://www.mcl.hu/~jeneyg/kinezet.pdf}},
  title       = {Hogyan néz ki egy igényes dokumentum? {N}éhány szóban az alapvető tipográfiai szabályokról},
  type        = {techreport},
  year        = {2014},
}

